% bmc_article.bib
% 
%  An example of bibtex entries.
%  Entries taken from BMC instructions for authors page.

% uncomment next line to make author-year bibliography
%
@settings{label,
	options      = {nameyear}
}
@article{blank,
	title        = {},
	author       = {},
	year         = {},
	month        = {},
	journal      = {},
	volume       = {},
	number       = {},
	pages        = {},
	note         = {}
}
% Article within a journal
@article{koon,
	title        = {BRCA1 protein products: functional motifs},
	author       = {Koonin, E V and Altschul, S F and P Bork},
	year         = 1996,
	journal      = {Nat Genet},
	volume       = 13,
	pages        = {266--267}
}
% Article within a journal supplement
@article{oreg,
	title        = {Analysis and assessment of ab initio three-dimensional prediction, secondary structure, and contacts prediction},
	author       = {Orengo, C A and Bray, J E and Hubbard, T and LoConte, L and Sillitoe, I},
	year         = 1999,
	journal      = {Proteins},
	volume       = {Suppl 3},
	pages        = {149--170}
}
% In press article
@inpress{khar,
	title        = {Clinical aspects of exhaled nitric oxide},
	author       = {Kharitonov, S A and Barnes, P J},
	journal      = {Eur Respir J},
	note         = {in press}
}
%
% Published abstract
%
@article{zvai,
	title        = {Mesenchymal cells, stromal derived factor-1 and rheumatoid arthritis [abstract]},
	author       = {Zvaifler, N J and Burger, J A and Marinova-Mutafchieva, L and Taylor, P and Maini, R N},
	year         = 1999,
	journal      = {Arthritis Rheum},
	volume       = 42,
	pages        = {s250}
}
%
% Article within conference proceedings
%
@inproceedings{xjon,
	title        = {Zeolites and synthetic mechanisms},
	author       = {X Jones},
	year         = 1996,
	booktitle    = {Proceedings of the First National Conference on Porous Sieves: 27-30 June 1996; Baltimore},
	pages        = {16--27},
	editor       = {Y Smith},
	organization = {Stoneham: Butterworth-Heinemann}
}
%%%%%%%%
%  Book chapter, or article within a book
%
@incollection{schn,
	title        = {From prey via endosymbiont to plastids: comparative studies in dinoflagellates},
	author       = {E Schnepf},
	year         = 1993,
	booktitle    = {Origins of Plastids},
	publisher    = {Chapman and Hall},
	address      = {New York},
	volume       = 2,
	pages        = {53--76},
	editor       = {R A Lewin},
	edition      = {2nd}
}
%%%%%%%%
% Whole issue of journal
%
@wholejournal{pond,
	title        = {Innovative oncology},
	year         = 1998,
	journal      = {Breast Cancer Res},
	volume       = 10,
	pages        = {1--72},
	editor       = {B Ponder and S Johnston and L Chodosh}
}
%%%%%%%%
% Whole conference proceedings
%
@proceedings{smith,
	title        = {Proceedings of the First National Conference on Porous Sieves: 27-30 June 1996; Baltimore},
	year         = 1996,
	publisher    = {Butterworth-Heinemann},
	address      = {Stoneham},
	editor       = {Y Smith}
}
%%%%%%%%
% Complete book
%
@book{marg,
	title        = {Origin of Eukaryotic Cells},
	author       = {L Margulis},
	year         = 1970,
	publisher    = {Yale University Press},
	address      = {New Haven}
}
%%%%%%%%
% Monograph or book in series 
%
@incollection{hunn,
	title        = {The alveloar macrophage},
	author       = {G W Hunninghake and J E Gadek},
	year         = 1995,
	booktitle    = {Cultured Human Cells and Tissues},
	publisher    = {Academic Press},
	address      = {New York},
	pages        = {54--56},
	note         = {Stoner G (Series Editor): Methods and Perspectives in Cell Biology, vol 1},
	editor       = {T J R Harris}
}
%%%%%%%%
% Book with institutional author
@manual{advi,
	title        = {Annual Report},
	year         = 1999,
	address      = {London},
	organization = {Advisory Committee on Genetic Modification}
}
%%%%%%%%
% PHD Thesis
%
@phdthesis{koha,
	title        = {Wrappers for performance enhancement and obvious decision graphs},
	author       = {R Kohavi},
	year         = 1995,
	school       = {Stanford University, Computer Science Department}
}
%%%%%%%%
% Webpage Link / URL
%
@webpage{mouse,
	title        = {The Mouse Tumor Biology Database},
	url          = {http://tumor.informatics.jax.org/cancer\_links.html}
}
% ----------------------------------------------------------------------------------------------------------------

%%%%%%%%
% Webpage Link / URL
%
@webpage{whymlmatters,
	title        = {Machine Learning : What it is and why it matters | SAS},
	url          = {https://www.sas.com/en\_ca/insights/analytics/machine-learning.html}
}
@webpage{howfingerprintscannerworks,
	title        = {How Fingerprint Scanners Work: Optical \& Capacitive Scanners},
	url          = {https://www.arrow.com/en/research-and-events/articles/how-fingerprint-sensors-work}
}
@webpage{howfingerprintscannerworkstwo,
	title        = {How fingerprint scanners work: optical, capacitive, and ultrasonic variants explained},
	url          = {https://www.androidauthority.com/how-fingerprint-scanners-work-670934/}
}
@webpage{verifinger,
	title        = {VeriFinger fingerprint recognition technology, algorithm and SDK for PC, smartphones and Web},
	url          = {https://www.neurotechnology.com/verifinger.html}
}
@webpage{capacitivesensing,
	title        = {Capacitive sensing - Wikipedia},
	url          = {https://en.wikipedia.org/wiki/Capacitive_sensing}
}
@webpage{fvc2002db,
	title        = {FVC2002 - Second International Fingerprint Verification Competition},
	url          = {http://bias.csr.unibo.it/fvc2002/databases.asp},
	note         = {"DB1-A"}
}
@webpage{electroopticalsensor,
	title        = {Electro-optical sensor - Wikipedia},
	url          = {https://en.wikipedia.org/wiki/Electro-optical_sensor}
}
@webpage{goodbyetopins,
	title        = {Goodbye to PINS and PASSWORDS: Future of Security is Biometric},
	author       = {Computer Science Zone},
	year         = 2020,
	url          = {https://www.aithority.com/security/goodbye-to-pins-and-passwords-future-of-security-is-biometric/}
}
%28 ref
@incollection{analysisMatchingStr,
	title        = {An Analysis of Minutiae Matching Strength},
	author       = {Ratha, Nalini K. and Connell, Jonathan H. and Bolle, Ruud M.},
	year         = 2001,
	booktitle    = {Proceedings of the Third International Conference on Audio- and Video-Based Biometric Person Authentication},
	publisher    = {Springer-Verlag},
	address      = {Berlin, Heidelberg},
	pages        = {223â€“228},
	doi          = {10.5555/646073.677597},
	url          = {https://dl.acm.org/doi/10.5555/646073.677597}
}
%22 ref
@incollection{impactGummy,
	title        = {{Impact of artificial "gummy" fingers on fingerprint systems}},
	author       = {Tsutomu Matsumoto and Hiroyuki Matsumoto and Koji Yamada and Satoshi Hoshino},
	year         = 2002,
	booktitle    = {Optical Security and Counterfeit Deterrence Techniques IV},
	publisher    = {SPIE},
	volume       = 4677,
	pages        = {275 -- 289},
	doi          = {10.1117/12.462719},
	url          = {https://doi.org/10.1117/12.462719},
	editor       = {Rudolf L. van Renesse},
	organization = {International Society for Optics and Photonics},
	keywords     = {biometrics, fingerprint, live and well detection, artificial finger, fingerprint image}
}
%36 ref
@incollection{crossDeviceMatching,
	title        = {A cross-device matching fingerprint database from multi-type sensors},
	author       = {X. {Jia} and X. {Yang} and Y. {Zang} and N. {Zhang} and J. {Tian}},
	year         = 2012,
	booktitle    = {Proceedings of the 21st International Conference on Pattern Recognition (ICPR2012)},
	pages        = {3001--3004}
}
@article{DeepMasterPrint,
	title        = {DeepMasterPrint: Generating Fingerprints for Presentation Attacks},
	author       = {Philip Bontrager and Julian Togelius and Nasir D. Memon},
	year         = 2017,
	journal      = {CoRR},
	volume       = {abs/1705.07386},
	url          = {http://arxiv.org/abs/1705.07386}
}
%15 ref
@article{finterpringSensorPatent,
	title        = {Fingerprint sensing and enrollment},
	author       = {Han, Byron B. and Marciniak, Craig A. and Westerman, Wayne C.},
	year         = 2014,
	month        = apr,
	journal      = {U.S. Patent},
	number       = {14/244 143}
}
%36 ref
@article{attacksOnBiometricSystems,
	title        = {Attacks on Biometric Systems: A Case Study in Fingerprints},
	author       = {Uludag, Umut and Jain, Anil},
	year         = 2004,
	month        = jan,
	journal      = {Proc SPIE},
	volume       = 6
}
