% refs.bib
% 
%  An example of bibtex entries.
%  Entries taken from BMC instructions for authors page.

% uncomment next line to make author-year bibliography
%
%
@settings{label,
	options      = {nameyear}
}
% ----------------------------------------------------------------------------------------------------------------
% Article itself
@inpress{wired,
	title        = {Machine Learning Can Create Fake ‘Master Key’ Fingerprints},
	author       = {Newman, Lily Hay},
	year         = 2018,
	journal      = {Wired},
	url          = {https://www.wired.com/story/deepmasterprints-fake-fingerprints-machine-learning/},
	note         = {in press}
}
% Paper used in article
@article{masterPrint,
	title        = {MasterPrint: Exploring the Vulnerability of Partial Fingerprint-Based Authentication Systems},
	author       = {A. {Roy} and N. {Memon} and A. {Ross}},
	year         = 2017,
	journal      = {IEEE Transactions on Information Forensics and Security},
	volume       = 12,
	number       = 9,
	pages        = {2013--2025}
}
@webpage{whymlmatters,
	title        = {Machine Learning : What it is and why it matters | SAS},
	url          = {https://www.sas.com/en_ca/insights/analytics/machine-learning.html}
}
@webpage{howfingerprintscannerworks,
	title        = {How Fingerprint Scanners Work: Optical \& Capacitive Scanners},
	url          = {https://www.arrow.com/en/research-and-events/articles/how-fingerprint-sensors-work}
}
@webpage{howfingerprintscannerworkstwo,
	title        = {How fingerprint scanners work: optical, capacitive, and ultrasonic variants explained},
	url          = {https://www.androidauthority.com/how-fingerprint-scanners-work-670934/}
}
@webpage{verifinger,
	title        = {VeriFinger fingerprint recognition technology, algorithm and SDK for PC, smartphones and Web},
	url          = {https://www.neurotechnology.com/verifinger.html}
}
@webpage{capacitivesensing,
	title        = {Capacitive sensing - Wikipedia},
	url          = {https://en.wikipedia.org/wiki/Capacitive_sensing}
}
@webpage{fvc2002db,
	title        = {FVC2002 - Second International Fingerprint Verification Competition},
	url          = {http://bias.csr.unibo.it/fvc2002/databases.asp},
	note         = {"DB1-A"}
}
@webpage{electroopticalsensor,
	title        = {Electro-optical sensor - Wikipedia},
	url          = {https://en.wikipedia.org/wiki/Electro-optical_sensor}
}
@webpage{goodbyetopins,
	title        = {Goodbye to PINS and PASSWORDS: Future of Security is Biometric},
	author       = {Computer Science Zone},
	year         = 2020,
	url          = {https://www.aithority.com/security/goodbye-to-pins-and-passwords-future-of-security-is-biometric/}
}
%28 ref
@incollection{analysisMatchingStr,
	title        = {An Analysis of Minutiae Matching Strength},
	author       = {Ratha, Nalini K. and Connell, Jonathan H. and Bolle, Ruud M.},
	year         = 2001,
	booktitle    = {Proceedings of the Third International Conference on Audio- and Video-Based Biometric Person Authentication},
	publisher    = {Springer-Verlag},
	address      = {Berlin, Heidelberg},
	pages        = {223–228},
	doi          = {10.5555/646073.677597},
	url          = {https://dl.acm.org/doi/10.5555/646073.677597}
}
%22 ref
@incollection{impactGummy,
	title        = {{Impact of artificial "gummy" fingers on fingerprint systems}},
	author       = {Tsutomu Matsumoto and Hiroyuki Matsumoto and Koji Yamada and Satoshi Hoshino},
	year         = 2002,
	booktitle    = {Optical Security and Counterfeit Deterrence Techniques IV},
	publisher    = {SPIE},
	volume       = 4677,
	pages        = {275 -- 289},
	doi          = {10.1117/12.462719},
	url          = {https://doi.org/10.1117/12.462719},
	editor       = {Rudolf L. van Renesse},
	organization = {International Society for Optics and Photonics},
}
%18 ref
@incollection{crossDeviceMatching,
	title        = {A cross-device matching fingerprint database from multi-type sensors},
	author       = {X. {Jia} and X. {Yang} and Y. {Zang} and N. {Zhang} and J. {Tian}},
	year         = 2012,
	booktitle    = {Proceedings of the 21st International Conference on Pattern Recognition (ICPR2012)},
	pages        = {3001--3004}
}
@article{DeepMasterPrint,
	title        = {DeepMasterPrint: Generating Fingerprints for Presentation Attacks},
	author       = {Philip Bontrager and Julian Togelius and Nasir D. Memon},
	year         = 2017,
	journal      = {CoRR},
	volume       = {abs/1705.07386},
	url          = {http://arxiv.org/abs/1705.07386}
}
%15 ref
@article{finterpringSensorPatent,
	title        = {Fingerprint sensing and enrollment},
	author       = {Han, Byron B. and Marciniak, Craig A. and Westerman, Wayne C.},
	year         = 2014,
	month        = apr,
	journal      = {U.S. Patent},
	number       = {14/244 143}
}
%36 ref
@article{attacksOnBiometricSystems,
	title        = {Attacks on Biometric Systems: A Case Study in Fingerprints},
	author       = {Uludag, Umut and Jain, Anil},
	year         = 2004,
	month        = jan,
	journal      = {Proc SPIE},
	volume       = 6
}
%%%%%%%%%%%%%%%%%%%%%%%%%%%%%%%%%%%%%%%%%%%%%%%
%%%%%%%%%%%%%%% NEW REFS %%%%%%%%%%%%%%%%%%%%%%
@webpage{forbesHackersCanBroke,
	title        = {Hackers Claim ‘Any’ Smartphone Fingerprint Lock Can Be Broken In 20 Minutes},
	author       = {Winder, David},
	year         = 2019,
	url          = {https://www.forbes.com/sites/daveywinder/2019/11/02/smartphone-security-alert-as-hackers-claim-any-fingerprint-lock-broken-in-20-minutes}
}
@webpage{ii,
	title        = {Difference between viruses, worms, and trojans},
	year         = 2019,
	url          = {https://knowledge.broadcom.com/external/article?legacyId=tech98539}
}
@article{fingerprintLivenessDetection,
	title        = {Fingerprint Liveness Detection Using Local Coherence Patterns},
	author       = {W. {Kim}},
	year         = 2017,
	journal      = {IEEE Signal Processing Letters},
	volume       = 24,
	number       = 1,
	pages        = {51--55}
}
@article{fingerprintLivenessMap,
	title        = {Fingerprint liveness map construction using convolutional neural network},
	author       = {H. Y. {Jung} and Y. S. {Heo}},
	year         = 2018,
	journal      = {Electronics Letters},
	volume       = 54,
	number       = 9,
	pages        = {564--566}
}
@article{novelWeberLocal,
	title        = {A Novel Weber Local Binary Descriptor for Fingerprint Liveness Detection},
	author       = {Z. {Xia} and C. {Yuan} and R. {Lv} and X. {Sun} and N. N. {Xiong} and Y. {Shi}},
	year         = 2020,
	journal      = {IEEE Transactions on Systems, Man, and Cybernetics: Systems},
	volume       = 50,
	number       = 4,
	pages        = {1526--1536}
}
@inproceedings{performanceEvaluationLiveness,
	title        = {A Study on Performance Evaluation of the Liveness Detection for Various Fingerprint Sensor Modules},
	author       = {Kang, Hyosup and Lee, Bongku and Kim, Hakil and Shin, Daecheol and Kim, Jaesung},
	year         = 2003,
	booktitle    = {Knowledge-Based Intelligent Information and Engineering Systems},
	publisher    = {Springer Berlin Heidelberg},
	address      = {Berlin, Heidelberg},
	pages        = {1245--1253},
	isbn         = {978-3-540-45226-3}
}
@inproceedings{Devillers2010AnalyzingPS,
	title        = {Analyzing Password Strength},
	author       = {Martin M. A. Devillers},
	year         = 2010
}
@webpage{statista,
	title        = {Global smartphone fingerprint sensor penetration rate 2014-2018},
	year         = 2018,
	url          = {https://www.statista.com/statistics/804269/global-smartphone-fingerprint-sensor-penetration-rate/}
}
@webpage{mlworld,
	title        = {Let’s Dive in the World of Machine Learning},
	year         = 2019,
	url          = {https://medium.com/yudiz-solutions/lets-dive-in-the-world-of-machine-learning-eef6be9eb0d6}
}
@article{oldPaper,
	title        = {DeepMasterPrint: Generating Fingerprints for Presentation Attacks},
	author       = {Philip Bontrager and Julian Togelius and Nasir D. Memon},
	year         = 2017,
	journal      = {CoRR},
	volume       = {abs/1705.07386},
	url          = {https://arxiv.org/abs/1705.07386v1}
}
@inproceedings{newPaper,
	title        = {DeepMasterPrints: Generating MasterPrints for Dictionary Attacks via Latent Variable Evolution},
	author       = {Bontrager, Philip and Roy, Aditi and Togelius, Julian and Memon, Nasir and Ross, Arun},
	year         = 2018,
	month        = 10,
	pages        = {1--9},
	doi          = {10.1109/BTAS.2018.8698539}
}
@webpage{2023stat,
	title        = {Juniper Research: Future Smartphone Payments to Rely on Software Security, with Over 1.5 Billion Users in 2023},
	year         = 2018,
	url          = {https://www.businesswire.com/news/home/20180903005016/en/Juniper-Research-Future-Smartphone-Payments-Rely-Software/}
}
@inproceedings{facialrec, 
    author={B. {Zhou} and Z. {Xie} and F. {Ye}}, 
    booktitle={ICC 2019 - 2019 IEEE International Conference on Communications (ICC)}, 
    title={Multi-Modal Face Authentication using Deep Visual and Acoustic Features}, 
    year={2019}, 
    volume={}, 
    number={}, 
    pages={1-6},
}
@article{iv,
    author = {Jain, Anil K. and Nandakumar, Karthik and Nagar, Abhishek},
    title = {Biometric Template Security},
    year = {2008},
    issue_date = {January 2008},
    publisher = {Hindawi Limited},
    address = {London, GBR},
    volume = {2008},
    issn = {1110-8657},
    url = {https://doi.org/10.1155/2008/579416},
    doi = {10.1155/2008/579416},
    journal = {EURASIP J. Adv. Signal Process},
    month = jan,
    articleno = {Article 113},
    numpages = {17}
}
@INPROCEEDINGS{i, 
    author={W. {Yang} and J. {Hu} and C. {Fernandes} and V. {Sivaraman} and Q. {Wu}}, 
    booktitle={2016 14th Annual Conference on Privacy, Security and Trust (PST)}, 
    title={Vulnerability analysis of iPhone 6}, 
    year={2016}, 
    volume={}, 
    number={}, 
    pages={457-463},
}
@INPROCEEDINGS{iii, 
    author={J. {Shelton} and G. {Dozier} and J. {Adams} and A. {Alford}}, 
    booktitle={2012 IEEE Congress on Evolutionary Computation}, 
    title={Permutation-based biometric authentication protocols for mitigating replay attacks}, 
    year={2012}, 
    volume={}, 
    number={},
    pages={1-5},
}
